@MISC{AgileManifesto2001,
  author = {Beck, Kent and Beedle, Mike and van Bennekum, Arie and Cockburn, Alistair and Cunningham, Ward and Fowler, Martin and Grenning, James and Highsmith, Jim and Hunt, Andrew and Jeffries, Ron and Kern, Jon and Marick, Brian and Martin, Robert C. and Mellor, Steve and Schwaber, Ken and Sutherland, Jeff and Thomas, Dave},
  title = {Manifesto for Agile Software Development},
  howpublished = {\url{http://agilemanifesto.org/}},
  year = {2001},
  owner = {Manuel},
  timestamp = {2012.03.08}
}

@MISC{XP2001,
  author = {Martin Fowler},
  title = {The New Methodology - Extreme Programming},
  howpublished = {\url{http://martinfowler.com/articles/newMethodology.html#xp}},
  year = {2005},
  owner = {Manuel},
  timestamp = {2012.03.08}
}

@MISC{Scrum2001,
  author = {Ken Schwaber and Jeff Sutherland},
  title = {The Scrum Guide},
  howpublished = {\url{http://www.scrum.org/storage/scrumguides/Scrum_Guide.pdf}},
  year = {2011},
  owner = {Manuel},
  timestamp = {2012.03.08}
}

@comment{jabref-meta: selector_review:}

@comment{jabref-meta: selector_publisher:}

@comment{jabref-meta: selector_author:}

@comment{jabref-meta: selector_journal:}

@comment{jabref-meta: selector_keywords:}

